<?xml version="1.0" encoding="utf-8"?>
<record xmlns="http://www.loc.gov/MARC21/slim" xmlns:xsi="http://www.w3.org/2001/XMLSchema-instance" xsi:schemaLocation="http://www.loc.gov/MARC21/slim http://www.loc.gov/standards/marcxml/schema/MARC21slim.xsd">
	<leader>     nam a22     Mi 4500</leader>
	<controlfield tag="001">2702640</controlfield>
	<controlfield tag="003">NjP</controlfield>
	<controlfield tag="006">m        d        </controlfield>
	<controlfield tag="007">cr cn |||m|||a</controlfield>
	<controlfield tag="008">191210s1888    mr      o     000 0 ara d</controlfield>
	<datafield ind1=" " ind2=" " tag="040">
		<subfield code="a">ZYU</subfield>
		<subfield code="b">ara</subfield>
		<subfield code="e">rda</subfield>
		<subfield code="c">ZYU</subfield>
	</datafield>
	<datafield ind1="1" ind2=" " tag="100">
		<subfield code="6">880-01</subfield>
		<subfield code="a">Ibn Yāmūn, Qāsim ibn Aḥmad,</subfield>
		<subfield code="d">active 17th century.</subfield>
	</datafield>
	<datafield ind1="1" ind2="0" tag="240">
		<subfield code="6">880-02</subfield>
		<subfield code="a">Jawāhir al-manẓūmah fī sharḥ al-Manẓūmah</subfield>
	</datafield>
	<datafield ind1="1" ind2="0" tag="245">
		<subfield code="6">880-03</subfield>
		<subfield code="a">Hādhā sharḥ al-Imām al-ʻallāmah al-tamām Sīdī Qāsim ibn Aḥmad ibn Mūsá ibn Yāmūn al-Talīdī al-Akhmāsī li-manẓūmatihi fī ādāb al-nikāḥ wa-mā yataʻallaqa bi-hi ... /</subfield>
		<subfield code="c">lil-ʻallāmah al-Tihāmī ibn al-Madanī Gannūn. Muwashshaḥan hāmishuhu bi-sharḥ ākhar ʻalayhā.</subfield>
	</datafield>
	<datafield ind1="3" ind2="0" tag="246">
		<subfield code="6">880-04</subfield>
		<subfield code="a">Sharḥ Qāsim ibn Aḥmad ibn Mūsá ibn Yāmūn al-Talīdī al-Akhmāsī li-manẓūmatihi fī ādāb al-nikāḥ</subfield>
	</datafield>
	<datafield ind1=" " ind2=" " tag="260">
		<subfield code="a">[Morocco?] :</subfield>
		<subfield code="b">[publisher not identified],</subfield>
		<subfield code="c">1305 [1888]</subfield>
	</datafield>
	<datafield ind1=" " ind2=" " tag="300">
		<subfield code="a">online resource (1 volume (various pagings))</subfield>
	</datafield>
	<datafield ind1=" " ind2=" " tag="336">
		<subfield code="a">text</subfield>
		<subfield code="2">rdacontent</subfield>
	</datafield>
	<datafield ind1=" " ind2=" " tag="337">
		<subfield code="a">computer</subfield>
		<subfield code="2">rdamedia</subfield>
	</datafield>
	<datafield ind1=" " ind2=" " tag="338">
		<subfield code="a">online resource</subfield>
		<subfield code="2">rdacarrier</subfield>
	</datafield>
	<datafield ind1=" " ind2=" " tag="500">
		<subfield code="a">Part of the Arabic Collections Online (ACO) project, contributed by Princeton University Libraries.</subfield>
	</datafield>
	<datafield ind1=" " ind2=" " tag="533">
		<subfield code="a">Electronic reproduction.</subfield>
		<subfield code="b">New York, N.Y. :</subfield>
		<subfield code="c">New York University,</subfield>
		<subfield code="d">2019.</subfield>
		<subfield code="5">NNU</subfield>
	</datafield>
	<datafield ind1="1" ind2="0" tag="600">
		<subfield code="a">Gannūn, Muḥammad al-Tihāmī.</subfield>
		<subfield code="t">Manẓūmah fī al-nikāḥ</subfield>
	</datafield>
	<datafield ind1=" " ind2="0" tag="650">
		<subfield code="a">Islamic marriage customs and rites.</subfield>
	</datafield>
	<datafield ind1=" " ind2="7" tag="650">
		<subfield code="a">Islamic marriage customs and rites.</subfield>
		<subfield code="2">fast</subfield>
		<subfield code="0">(OCoLC)fst01730346</subfield>
	</datafield>
	<datafield ind1=" " ind2="7" tag="655">
		<subfield code="a">Lithographs</subfield>
		<subfield code="z">Morocco</subfield>
		<subfield code="y">1888.</subfield>
		<subfield code="2">gmgpc</subfield>
	</datafield>
	<datafield ind1="2" ind2=" " tag="710">
		<subfield code="a">Princeton University.</subfield>
		<subfield code="b">Library.</subfield>
	</datafield>
	<datafield ind1="0" ind2=" " tag="730">
		<subfield code="a">Arabic Collections Online.</subfield>
	</datafield>
	<datafield ind1="0" ind2="8" tag="776">
		<subfield code="i">Online version:</subfield>
		<subfield code="a">Ibn Yāmūn, Qāsim ibn Aḥmad, 17th cent.</subfield>
		<subfield code="s">Jawāhir al-manẓūmah fī sharḥ al-Manẓūmah.</subfield>
		<subfield code="t">Hādhā sharḥ al-Imām al-ʻallāmah al-tamām Sīdī Qāsim ibn Aḥmad ibn Mūsá ibn Yāmūn al-Talīdī al-Akhmāsī li-manẓūmatihi fī ādāb al-nikāḥ wa-mā yataʻallaqa bi-hi .</subfield>
		<subfield code="d">[Morocco? : s.n.], 1305 [1888]</subfield>
		<subfield code="w">(OCoLC)656735634</subfield>
	</datafield>
	<datafield ind1="0" ind2="8" tag="776">
		<subfield code="i">Print version:</subfield>
		<subfield code="a">Ibn Yāmūn, Qāsim ibn Aḥmad, active 17th century.</subfield>
		<subfield code="t">Hādhā sharḥ al-Imām al-ʻallāmah al-tamām Sīdī Qāsim ibn Aḥmad ibn Mūsá ibn Yāmūn al-Talīdī al-Akhmāsī li-manẓūmatihi fī ādāb al-nikāḥ wa-mā yataʻallaqa bi-hi</subfield>
		<subfield code="w">(NjP)2702640</subfield>
		<subfield code="w">(OCoLC)82319455</subfield>
	</datafield>
	<datafield ind1="4" ind2="0" tag="856">
		<subfield code="u">http://hdl.handle.net/2333.1/189327n9</subfield>
	</datafield>
	<datafield ind1="1" ind2=" " tag="880">
		<subfield code="6">100-01</subfield>
		<subfield code="a">ابن يامون، قاسم بن احمد، ‎</subfield>
		<subfield code="d">active 17th century.</subfield>
	</datafield>
	<datafield ind1="1" ind2="0" tag="880">
		<subfield code="6">240-02</subfield>
		<subfield code="a">جواهر المنظومة في شرح المنظومة‎</subfield>
	</datafield>
	<datafield ind1="1" ind2="0" tag="880">
		<subfield code="6">245-03</subfield>
		<subfield code="a">هذا شرح الامام العلامة التمام سيدي قاسم بن احمد بن موسى بن يامون التليدي الاخماسي لمنظومته في آداب النكاح وما يتعلق به ... /‎</subfield>
		<subfield code="c">للعلامة التهامي بن المدني گنون. موشحن هامشه بشرح آخر عليها.‎</subfield>
	</datafield>
	<datafield ind1="3" ind2="0" tag="880">
		<subfield code="6">246-04</subfield>
		<subfield code="a">شرح قاسم بن احمد بن موسى بن يامون التليدي الاخماسي لمنظومته في آداب النكاح‎</subfield>
	</datafield>
	<datafield ind1=" " ind2=" " tag="959">
		<subfield code="a">NNU</subfield>
		<subfield code="b">WEB</subfield>
		<subfield code="c">GENI</subfield>
		<subfield code="t">0</subfield>
		<subfield code="m">Electronic access</subfield>
		<subfield code="s">01</subfield>
	</datafield>
	<datafield ind1=" " ind2=" " tag="999">
		<subfield code="i">NjP_2702640</subfield>
		<subfield code="o">(OCoLC)ocm82319455</subfield>
		<subfield code="s">princeton_aco002511</subfield>
		<subfield code="e">(ERROR-880)(ERROR-MISC)</subfield>
		<subfield code="s">princeton_aco002511</subfield>
	</datafield>
</record>
